

@book{LinuxKernelDev,
 author = {Love, Robert},
 title = {Linux Kernel Development},
 year = {2010},
 isbn = {0672329468, 9780672329463},
 edition = {3rd},
 publisher = {Addison-Wesley Professional}
} 

@book{LinuxKernel,
 author    = {Bovet, Daniel and Cesati, Marco},
 title     = {Understanding The Linux Kernel},
 year      = {2005},
 isbn      = {0596005652},
 publisher = {Oreilly \& Associates Inc}
} 


@book{InsideLinux,
 author     = {Bentson, Randolph},
 title      = {Inside Linux: A Look at Operating System Development},
 year       = {1997},
 isbn       = {0-916151-89-1},
 publisher  = {Specialized System Consultants, Inc.},
 address    = {Seattle, WA, USA}
} 


@article{unixImpl,
  author  = {Caceres, Maximiliano}, 
  title   = {Syscall Proxying - Simulating remote execution},
  journal = {CORE SECURITY TECHNOLOGIES},
  year    = 2002,
  pages   = {2-3}
}

@misc{Divine,
    author = "Jiří Barnat and Petr Ročkai and Vladimír Štill and Jiří Weiser",
    title = {\divine 4: Model Checking for Everyone},
    year = 2016,
    urldate = {2017-01-09},
    publisher = "ParaDiSe Labs, Faculty of Informatics, Masaryk University",
    howpublished = {\url{http://divine.fi.muni.cz/}}
}

@Inbook{Divine2,
  author    = {{\v{S}}till, Vladim{\'i}r and Ro{\v{c}}kai, Petr and Barnat, Ji{\v{r}}{\'i}},
  title     ={DIVINE: Explicit-State LTL Model Checker},
  bookTitle ={Tools and Algorithms for the Construction and Analysis of Systems: 22nd International Conference, TACAS 2016, Held as Part of the European Joint Conferences on Theory and Practice of Software, ETAPS 2016, Eindhoven, The Netherlands, April 2-8, 2016, Proceedings},
  year      = {2016},
  publisher ={Springer Berlin Heidelberg},
  address   ={Berlin, Heidelberg},
  pages     ={920--922},
  isbn      ={978-3-662-49674-9},
  doi       ={10.1007/978-3-662-49674-9_60},
  urldate = {2017-01-09},
  howpublished       ={\url{http://dx.doi.org/10.1007/978-3-662-49674-9_60}}
}

@InProceedings{Divine3,
    author    = {Jiří Barnat and Luboš Brim and Vojtěch Havel and Jan Havlíček and Jan Kriho and Milan Lenčo and Petr Ročkai and Vladimír Štill and Jiří Weiser},
    title={DiVinE 3.0 – An Explicit-State Model Checker for Multithreaded C \& C++ Programs},
    booktitle={Computer Aided Verification},
    pages     = {863--868},
    volume    = {8044},
    series={Lecture Notes in Computer Science},
    year      = {2013},
    isbn={978-3-642-39798-1},

    editor={Sharygina, Natasha and Veith, Helmut},
    doi={10.1007/978-3-642-39799-8_60},
    publisher={Springer Berlin Heidelberg},
    language={English},
    keywords = {divine}
}


@InProceedings{Divine4,
    author={Vladimír Štill and Petr Ročkai and Jiří Barnat},
    title={{DIVINE: Explicit-State LTL Model Checker}},
    year={2016},
    booktitle={Tools and Algorithms for the Construction and Analysis of Systems},
    publisher={Springer Berlin Heidelberg},
    address={Berlin, Heidelberg},
    pages={920--922},
    isbn={978-3-662-49674-9},
    doi={10.1007/978-3-662-49674-9_60},
    howpublished={\url{http://dx.doi.org/10.1007/978-3-662-49674-9_60}},
    keywords = {divine}
}




@misc{Divine5,
    author = {Ro{\v{c}}kai, Petr, {\v{S}}till, Vladim{\'i}r, \v{C}ern{\'a}, Ivana , Barnat, Ji{\v{r}}{\'i}},
    title = {DiVM: Model Checking with LLVM and Graph Memory},
    year = 2017,
    url = {https://arxiv.org/pdf/1703.05341.pdf},
    urldate = {2017-04-22},
    publisher = {Faculty of Informatics, Masaryk University, Brno, Czech Republic}
}

@unpublished{Divine6,
author = {Katarína Kejstová and Petr Ročkai and Jiří Barnat},
title = "From Model Checking to Runtime Verification and Back",
note = "Submitted, \url{https://divine.fi.muni.cz/2017/passthrough/paper.pdf}",
year={2017},
}


@unpublished{Workflow,
author = {Zuzana Baranová and Jiří Barnat and Katarína Kejstová and Tadeáš Kučera and Henrich Lauko and Jan Mrázek and Petr Ročkai and Vladimír Štill},
title = "Model Checking of C and C++ with DIVINE 4",
note = "Submitted, \url{https://divine.fi.muni.cz/2017/divine4/paper.pdf}",
year={2017},
}


@MastersThesis{Still2016thesis,
    AUTHOR = "Vladimír Štill",
    TITLE = "{LLVM Transformations for Model Checking}",
    YEAR = "2016",
    urldate = "2016-03-01",
    TYPE = "Master's Thesis",
    SCHOOL = "Masarykova univerzita, Fakulta informatiky, Brno",
    SUPERVISOR = "Jiří Barnat",
    note = "\url{http://is.muni.cz/th/373979/fi_m/}",
    keywords = "divine"
}




@misc{LinuxTable,
    author = {Filippo Valsord},
    title = {Searchable Linux Syscall Table for x86 and x86\_64},
    year = 2016,
    howpublished = {\url{https://filippo.io/linux-syscall-table/}},
    urldate = {2016-11-13}
}


@misc{systable,
  author = {Linus Torvalds},
  title = {linux},
  year = {2017},
  publisher = {GitHub},
  journal = {GitHub repository},
  howpublished = {\url{https://github.com/torvalds/linux/blob/master/arch/x86/entry/syscalls/syscall_64.tbl}},
  commit = {a528d35e8bfcc521d7cb70aaf03e1bd296c8493f}
}


@misc{propagationScheme,
  author = { {\v{S}}till, Vladim{\'i}r },
  title = {presentations},
  year = {2017},
  publisher = {GitHub},
  journal = {GitHub repository},
  urldate = {2017-04-20},
  howpublished = {\url{https://github.com/vlstill/presentations/blob/master/rh_1705/pres.md}},
  commit = {adaf65530b39005b67848de446dbf4eef4cff655}
}


@incollection{ltrace,
  booktitle        = {Proceedings of the Linux Symposium},
  title			= {Ltrace Internals},
  author	= {Rodrigo Rubira Branco},
  year         = 2007,
  publisher = {Linux Symposium},
  address      = {Ottawa, Ontario, Canada},
  pages        = {41},
   note         = {\url{https://www.kernel.org/doc/mirror/ols2007v1.pdf}}
}

@manual{glibc,
    keywords = {c, gcc, gnu, library, linux},
    urldate = {2017-01-10},
    title = {The {GNU} {C} Library Reference Manual},
    year = {1993–2017},
    organization = {Free Software Foundation, Inc},
    edition = {2.25},
    urldate = {2017-05-05},
    note = {\url{http://www.gnu.org/software/libc/manual/pdf/libc.pdf}}
}



@misc{Clang, 
   author   = "{The University of Illinois}", 
   title    = "Clang: a {C} language family frontend for {LLVM}", 
   note     = "{\url{http://clang.llvm.org/}}",
   accessed =  {"21-Dec-2016"}
} 


@manual{Man_syscall,
  title        = {SYSCALLS(2) Linux Programmer's Manual },
  organization = {Linux},
  edition      = {4.08},
  month        = 3,
  year         = 2016,
  urldate = {2017-04-22},
  note         = {\url{http://man7.org/linux/man-pages/man2/syscalls.2.html}}
}

@manual{Man_trap,
  title        = {TRAP(1P) Linux Programmer's Manual },
  organization = {Linux},
  edition      = {4.08},
  author       = {Institute of Electrical and Electronics Engineers, Inc and The Open Group},
  year         = 2013,
  urldate = {2017-04-22},
  note         = {\url{http://man7.org/linux/man-pages/man1/trap.1p.html}}
}


@manual{Man_errno,
  title        = {ERRNO(3) Linux Programmer's Manual },
  organization = {Linux},
  edition      = {4.11},
  year         = 2016,
  urldate = {2017-04-22},
  note         = {\url{http://man7.org/linux/man-pages/man3/errno.3.html}}
}



@inbook{Windows,
  author       = {Nebbett, Gary}, 
  title        = {Windows NT/2000 Native API Reference},
  chapter      = {Introduction},
  pages        = {xxiv},
  publisher    = {New Riders Publishing},
  year         = {2000},
  address      = {Thousand Oaks, CA, USA},
  isbn         = {1578701996}
}

@Inbook{CBMC1,
author    = {Kroening, Daniel and Tautschnig, Michael},
editor    ={{\'A}brah{\'a}m, Erikaand Havelund, Klaus},
title     ={CBMC -- C Bounded Model Checker},
bookTitle ={Tools and Algorithms for the Construction and Analysis of Systems: 20th International Conference, TACAS 2014, Held as Part of the European Joint Conferences on Theory and Practice of Software, ETAPS 2014, Grenoble, France, April 5-13, 2014. Proceedings},
year      ={2014},
publisher ={Springer Berlin Heidelberg},
address   ={Berlin, Heidelberg},
pages     ={389--391},
isbn      ={978-3-642-54862-8},
doi       ={10.1007/978-3-642-54862-8_26},
howpublished       ={\url{http://dx.doi.org/10.1007/978-3-642-54862-8_26}}
}

@inproceedings{CBMC2,
 author = {Heusser, Jonathan and Malacaria, Pasquale},
 title = {Quantifying Information Leaks in Software},
 booktitle = {Proceedings of the 26th Annual Computer Security Applications Conference},
 series = {ACSAC '10},
 year = {2010},
 isbn = {978-1-4503-0133-6},
 location = {Austin, Texas, USA},
 pages = {261--269},
 numpages = {9},
 url = {http://doi.acm.org/10.1145/1920261.1920300},
 doi = {10.1145/1920261.1920300},
 acmid = {1920300},
 publisher = {ACM},
 address = {New York, NY, USA},
 keywords = {Linux kernel, information leakage, quantitative information flow}
} 

